<?xml version="1.0" encoding="UTF-8"?><collection xmlns="http://www.loc.gov/MARC21/slim"><record><leader>00454nam--2200157-i-4500</leader><controlfield tag="001">000046715</controlfield><controlfield tag="002">20161230</controlfield><controlfield tag="005">20170110224753</controlfield><controlfield tag="008">060222s1000------------r-----000-0-eng-d</controlfield><datafield ind1=" " ind2=" " tag="100"><subfield code="a">Vogel, A. I</subfield></datafield><datafield ind1=" " ind2=" " tag="245"><subfield code="a">A text-book of quantitative inorganic analysis includig elementary instrumental analysis</subfield></datafield><datafield ind1=" " ind2=" " tag="250"><subfield code="a">Third ed</subfield></datafield><datafield ind1=" " ind2=" " tag="260"><subfield code="a">London</subfield><subfield code="b">Longmans, Green And Co. Ltd</subfield><subfield code="c">1961</subfield></datafield><datafield ind1=" " ind2=" " tag="300"><subfield code="a">XXX + 1216 p</subfield></datafield><datafield ind1=" " ind2=" " tag="852"><subfield code="a">17424</subfield></datafield><datafield ind1=" " ind2=" " tag="CAT"><subfield code="a">SYS</subfield><subfield code="c">20170110</subfield><subfield code="h">224753</subfield></datafield></record></collection>